3024 4032
401 555 1379 683 dans votre mémoire, Je veux bien vous
401 630 1407 795 faire quelques petits présens Et vous
388 771 1368 893 donner des vivres pour votre retour,
406 867 1424 990 mais vous pouvés signifier à tout votre
398 988 1448 1136 village qu'ils n'auront jamais rien de
394 1107 1361 1254 moy que je ne sois convaincu par
390 1208 1438 1354 des fortes preuves et qu'ils sont soumis
400 1343 1416 1446 à ma volonté Et qu'on ne m'amene les
402 1477 808 1580 Meurtriers./.
