3024 4032
689 931 1517 1086 Il est vray, mes Enfants qu'etant
642 1022 1619 1169 bon Pere comme je le suis, mes veritables
634 1126 1533 1264 Enfans doivent être bien joieux de me voir
640 1210 1622 1332 parce que je suis tendre et qu'ils me trouveront
636 1312 1605 1424 en toute occasion; mais ceux qui ne seront
638 1401 1504 1513 pas soumis à ma volonté et qui ne
616 1481 1632 1627 respecteront point mes officiers qui sont
633 1601 1605 1723 dans les Postes pour leur communiquer
641 1716 1646 1849 mes intentions, je les frapperay jusqu'à
629 1827 1116 1939 Eteindre leur race.
743 1932 1648 2089 Je ne vous cache pas à Vous Saulteux
661 2058 1548 2191 de Chagȣamigon que je sçais que si
656 2189 1599 2261 quelqu'un Est capable de Brouiller la
656 2268 1619 2351 terre C'est vous autres, Et que vous traités
661 2339 1603 2492 on ne peut pas plus mal Les françois.
745 2494 1629 2629 Je vous avertis que si vous ne vous
665 2611 1596 2722 conduisés pas conformement à ma
677 2724 1507 2858 volonté, je n'ecouteray plus vos
674 2824 1697 2943 pardons tE toute ma colere tombera
649 2936 984 3070 sur vous.
780 3048 1622 3210 Dans l'Esperance où je suis
653 3122 1597 3326 que vous inculquerés ma parole
1698 517 2576 634 des Saulteux, le lac de la Sansue,
1700 616 2601 760 Le Rocher qui est dans Ste. Croix
1694 701 2578 851 au pied d'un grand Rapide,
1713 822 2604 940 pour chasser à tous ces endroits
1799 1014 2589 1156 Nous étions d'une grande joie
1689 1140 2580 1278 de sçavoir que nous avions un
1693 1241 2608 1371 nouveau Pere Et nous comptons
1704 1349 2576 1518 qu'il aura pitié de Nous,
