3024 4032
446 279 1496 472 C'est Le Corps des Coupables que je demande
380 415 1440 542 Et non celuy de quelqu'un qui ne m'ayant rien
390 469 1458 620 fait m'offre de se mettre à leur place, votre
387 575 1499 706 démarche cependant mes Enfans Est cause que
362 645 1463 803 je suspens les ordres que j'avois donné à
397 771 1509 919 mon armée de mettre à feu et à sang, les homes,
379 853 1511 1002 les femmes et les Enfans du village où résident
386 962 1492 1089 Les mauvais Enfans qui ont tué leur Pere
526 1066 1519 1198 Il s'agit de me promettre à present si vous
413 1192 1511 1272 me les enverrés l'année prochaine ou non pour
412 1267 1392 1395 que je me décide sur ce que j'ay à faire.
1631 468 2434 636 Voila mon Pere, mon Corps
1589 630 2482 769 y leur place, vous êtes le maitre
1595 770 2472 867 d'en faire ce qu'il vous plaira
1320 1425 1855 1595 Par douze branches
461 1585 1497 1728 J'ay fait part de mes intentions à tous les
405 1679 1449 1811 Officiers qui commandent mes Postes par
409 1773 1489 1890 Lesquels, je leur défends très absolument de
410 1852 1481 1982 sortir de leur Limite pour faire leur chasse
440 1960 1480 2090 pour leur traite Et Je leur Enjoins d'arrêter
445 2052 1515 2158 tous les françois traiteurs qui contreviendront
444 2127 1545 2263 à mon ordre et de me les envoyer sous bonne et seure
432 2242 1504 2373 garde, Je les charge aussi d'engager tous les
425 2344 1492 2483 Sauvages qui sont dans l'Etendüe de leur
429 2461 1500 2584 Commandement de ne point contrevenir a
441 2576 1440 2695 ma défense, mais comme j'ay tant de
451 2664 1513 2768 mauvais Enfans dans le monde, Je ne suis
471 2771 1484 2872 pas responsable qu'ils m'obeissent avec
455 2857 1458 3009 soumission, mais ce qu'il y a de certain,
445 2993 1521 3143 C'est qu'on Les engagera toujours à rester
456 3074 937 3255 sur leurs terres.
1633 1599 2521 1773 Je ne sçais que faire mon Pere
1563 1759 2511 1911 Les Sauvages qui sont aux
1551 1887 2531 2030 Environs de nous viennent pres
1581 2006 2527 2117 nos terres; Et s'ils continuent
1585 2109 2514 2276 à y chasser ,nos femmes Et
1585 2241 2510 2363 Enfans vous bientôt mourir de
1594 2384 1785 2555 Faim.
