3024 4032
2422 336 2555 446 56
975 312 2582 568 Conseil solemnel tenu avec les
1033 502 2576 770 Saulteux de ChagȢamigon à Montreal le
1027 664 1658 864 26 Juillet 1753.
1145 1095 1313 1131 Par un Collier
416 945 1293 1183 Reponse de Mr. Le Général
1466 854 2528 1119 Paroles des Sauvages
1145 1131 1710 1305 Par un Collier
447 1372 1367 1561 Il y a longtems que je suis
1470 1608 1471 1715 village d'un françois qui y a été
401 1501 1372 1640 informé mes Enfans du meurtre
379 1578 1338 1757 qui a été fait dans votre village.
415 1802 1358 2019 Je veux bien croire que tout ce qui
375 1972 1427 2114 compose votre village n'a point entré dans
372 2073 1427 2213 ce meurtre, mais si vous vous attachiés
370 2173 1449 2347 à contenir vos jeunes gens, cela ne seroit
353 2294 670 2454 pas arrivé.
384 2551 1435 2823 Je ne me paye point des raisons
382 2750 1403 2960 que vous me donnés que des
380 2864 1450 3087 mauvais Conseils ayent empêché
337 2987 1463 3192 Les meurtriers de venir me donner
341 3112 1463 3348 Leur Corps, je veux trés absolumt.
345 3243 1460 3450 qu'on me les ramene le Printems
339 3385 673 3620 prochain.
1502 1345 2640 1504 Je viens vous avertir mon Pere
1471 1488 2645 1645 de l'accident qui est arrivé dans notre
1471 1600 2611 1801 village d'un françois qui y a été
1479 1715 1661 1838 tué.
1506 1833 2623 2015 Je vous assure, mon Pere que
1472 1952 2665 2136 Le Village n'a point trempé dans
1493 2087 2589 2281 cette mauvaise affaire, qu'il
1497 2220 2615 2435 n'y a que deux jeunes gens
1507 2381 2710 2583 qui ont commis ce meurtre
1561 2606 2674 2830 Je vous avertis, mon Pere que
1485 2784 2746 3006 ces deux jeunes gens m'avoient promis
1492 2919 2699 3128 de venir vous jetter leur Corps,
1496 3078 2755 3287 Mais apparemment ils ont reçu
1500 3251 2772 3445 quelques mauvais Conseils, ce qui
1510 3375 2717 3582 fait que ces deux meurtriers
1511 3526 2502 3720 ne sont point venus.
