3024 4032
2389 209 2515 317 57
352 455 1277 625 C'est à vous autres mes enfans qui
351 568 1337 770 Me parlés à leur montrer l'exemple.
376 1036 1301 1212 N'en venés jamais aux extremités
323 1178 1234 1328 qui Brouilleroient la terre sans la
328 1282 1262 1419 permission de votre Pere, sans quoy il
316 1419 1306 1569 vous abandonnera comme des mauvais
300 1506 1345 1644 Enfans et vous châtiera d'importance.
293 2008 1350 2176 Les Limites sont toutes decidées comme
227 2156 1308 2295 Elles ont été de tout tems, je donne mes
221 2262 1302 2420 ordres pour cela à l'officier qui est chés
217 2441 1301 2557 vous et à ceux qui vous avoisinent pour
214 2527 1281 2671 qu'ils n'entrent point dans vos terres
209 2610 1277 2821 Et que vous Joüissiés de la parfaite
207 2746 1224 2953 tranquilité que vous me demandés.
1527 311 2514 501 Mon Pere, les traiteurs de
1445 433 2526 608 notre Poste apporteroient plus de
1437 571 2459 714 Castors si ceux qui sont aux
1437 688 2590 844 environs ne nous les enlevoient
1425 803 1666 964 pas.
1414 985 2571 1202 Si les Sackis, les Renards
1410 1198 2570 1299 les Scioux et les folles avoines
1418 1283 2504 1413 continuent à venir chasser sur
1406 1394 2568 1568 nos terres, Je ne pourray pas
1415 1535 2612 1682 retenir mes jeunes gens pour
1374 1594 2675 1818 Les en empêcher, Et qui brouilleroient
1395 1769 2254 1908 certainement la terre.
1405 1998 2658 2220 Je vous prie, mon Pere, décidés sur
1390 2187 2673 2300 les Limites que vous voudrez nous
1398 2317 2685 2453 donner pour notre Chasse Et je vous
1391 2430 2638 2623 assure que j'auray le Cassetête
1377 2569 2646 2749 Levé contre le premier qui sera
1369 2691 2535 2912 assés hardy de venir chasser
1371 2873 2055 3052 sur nos terres.
1475 3026 2652 3222 Je viens vous demander mon
1360 3209 2618 3407 Pere La maskissipy et la reviere
1358 3335 2608 3536 des Saulteux Le Lac au Sable
1335 3497 2625 3706 La riviere de L'aile du Corbeau
